<record xmlns="http://www.loc.gov/MARC21/slim" xmlns:xsi="http://www.w3.org/2001/XMLSchema-instance" xsi:schemaLocation="http://www.loc.gov/MARC21/slim http://www.loc.gov/standards/marcxml/schema/MARC21slim.xsd"><leader>02653nam a2200517   4500</leader><controlfield tag="001">002046845</controlfield><controlfield tag="003">NNU</controlfield><controlfield tag="006">m        d        </controlfield><controlfield tag="007">cr cn |||m|||a</controlfield><controlfield tag="008">150223s1952    ua      ob    000 0baraod</controlfield><datafield ind1=" " ind2=" " tag="040"><subfield code="a">NNU</subfield><subfield code="b">eng</subfield><subfield code="e">rda</subfield><subfield code="c">NNU</subfield></datafield><datafield ind1="0" ind2=" " tag="041"><subfield code="a">ara</subfield><subfield code="b">fre</subfield></datafield><datafield ind1=" " ind2="4" tag="050"><subfield code="a">B751.Z7</subfield><subfield code="b">K37 1952</subfield></datafield><datafield ind1="1" ind2=" " tag="100"><subfield code="6">880-01</subfield><subfield code="a">Ka&#772;shi&#772;, Yah&#803;ya&#769; ibn Ah&#803;mad.</subfield></datafield><datafield ind1="1" ind2="0" tag="245"><subfield code="6">880-02</subfield><subfield code="a">Nukat fi&#772; ah&#803;wa&#772;l al-Shaykh al-Ra&#700;i&#772;s Ibn Si&#772;na&#772; /</subfield><subfield code="c">li-Yah&#803;ya&#769; ibn Ah&#803;mad al-Ka&#772;shi&#772; ; tah&#803;qi&#772;q Ah&#803;mad Fu&#700;a&#772;d al-Ahwa&#772;ni&#772;.</subfield></datafield><datafield ind1="1" ind2="5" tag="246"><subfield code="a">Aperc&#807;u sur la biographie d'Avicenne</subfield></datafield><datafield ind1=" " ind2=" " tag="260"><subfield code="6">880-03</subfield><subfield code="a">al-Qa&#772;hirah :</subfield><subfield code="b">Manshu&#772;ra&#772;t al-Ma&#699;had al-&#699;Ilmi&#772; al-Faransi&#772; lil-A&#772;tha&#772;r al-Sharqi&#772;yah,</subfield><subfield code="c">1952.</subfield></datafield><datafield ind1=" " ind2=" " tag="300"><subfield code="a">online resource (35 pages)</subfield></datafield><datafield ind1=" " ind2=" " tag="336"><subfield code="a">text</subfield><subfield code="2">rdacontent</subfield></datafield><datafield ind1=" " ind2=" " tag="337"><subfield code="a">computer</subfield><subfield code="2">rdamedia</subfield></datafield><datafield ind1=" " ind2=" " tag="338"><subfield code="a">online resource</subfield><subfield code="2">rdacarrier</subfield></datafield><datafield ind1="1" ind2=" " tag="490"><subfield code="6">880-04</subfield><subfield code="a">Dhikra&#769; ibn Si&#772;na&#772; ;</subfield><subfield code="v">3</subfield></datafield><datafield ind1="1" ind2=" " tag="490"><subfield code="a">Publications de l'Institut franc&#807;ais d'arche&#769;ologie orientale du Caire</subfield></datafield><datafield ind1=" " ind2=" " tag="500"><subfield code="a">Part of the Arabic Collections Online (ACO) project, contributed by New York Univeristy Libraries.</subfield></datafield><datafield ind1=" " ind2=" " tag="533"><subfield code="a">Electronic reproduction.</subfield><subfield code="b">New York, N.Y. :</subfield><subfield code="c">New York University,</subfield><subfield code="d">2015.</subfield><subfield code="5">NNU</subfield></datafield><datafield ind1=" " ind2=" " tag="546"><subfield code="a">Text in Arabic; introd. in French.</subfield></datafield><datafield ind1=" " ind2=" " tag="504"><subfield code="a">Includes bibliographical references.</subfield></datafield><datafield ind1="0" ind2="0" tag="600"><subfield code="6">880-05</subfield><subfield code="a">Avicenna,</subfield><subfield code="d">980-1037</subfield></datafield><datafield ind1="0" ind2="7" tag="600"><subfield code="a">Avicenne,</subfield><subfield code="d">(980-1037)</subfield><subfield code="x">Biographies.</subfield><subfield code="2">ram</subfield></datafield><datafield ind1="0" ind2="7" tag="600"><subfield code="a">Avicenna,</subfield><subfield code="d">980-1037.</subfield><subfield code="2">fast</subfield><subfield code="0">(OCoLC)fst00048418</subfield></datafield><datafield ind1="1" ind2=" " tag="700"><subfield code="6">880-06</subfield><subfield code="a">Ahwa&#772;ni&#772;, Ah&#803;mad Fu&#700;a&#772;d,</subfield><subfield code="d">-1970.</subfield></datafield><datafield ind1="2" ind2=" " tag="710"><subfield code="a">New York University.</subfield><subfield code="b">Libraries.</subfield></datafield><datafield ind1="0" ind2=" " tag="730"><subfield code="a">Arabic Collections Online.</subfield></datafield><datafield ind1="0" ind2="8" tag="776"><subfield code="i">Print version:</subfield><subfield code="a">Ka&#772;shi&#772;, Yah&#803;ya&#769; ibn Ah&#803;mad.</subfield><subfield code="t">Nukat fi&#772; ah&#803;wa&#772;l al-Shaykh al-Ra&#700;i&#772;s Ibn Si&#772;na&#772;</subfield><subfield code="w">(NNU)002046845</subfield></datafield><datafield ind1="4" ind2="0" tag="856"><subfield code="u">http://hdl.handle.net/2333.1/7pvmcx6m</subfield></datafield><datafield ind1="1" ind2=" " tag="880"><subfield code="6">100-01/</subfield><subfield code="a">&#1603;&#1575;&#1588;&#1610;&#1548; &#1610;&#1581;&#1610;&#1609; &#1576;&#1606; &#1571;&#1581;&#1605;&#1583;.</subfield></datafield><datafield ind1="1" ind2="0" tag="880"><subfield code="6">245-02/</subfield><subfield code="a">&#1606;&#1603;&#1578; &#1601;&#1610; &#1571;&#1581;&#1608;&#1575;&#1604; &#1575;&#1604;&#1588;&#1610;&#1582; &#1575;&#1604;&#1585;&#1574;&#1610;&#1587; &#1575;&#1576;&#1606; &#1587;&#1610;&#1606;&#1575; /</subfield><subfield code="c">&#1604;&#1610;&#1581;&#1610;&#1609; &#1576;&#1606; &#1571;&#1581;&#1605;&#1583; &#1575;&#1604;&#1603;&#1575;&#1588;&#1610; &#1563; &#1578;&#1581;&#1602;&#1610;&#1602; &#1571;&#1581;&#1605;&#1583; &#1601;&#1572;&#1575;&#1583; &#1575;&#1604;&#1571;&#1607;&#1608;&#1575;&#1606;&#1610;.</subfield></datafield><datafield ind1=" " ind2=" " tag="880"><subfield code="6">260-03/</subfield><subfield code="a">&#1575;&#1604;&#1602;&#1575;&#1607;&#1585;&#1577; :</subfield><subfield code="b">&#1605;&#1606;&#1588;&#1608;&#1585;&#1575;&#1578; &#1575;&#1604;&#1605;&#1593;&#1607;&#1583; &#1575;&#1604;&#1593;&#1604;&#1605;&#1610; &#1575;&#1604;&#1601;&#1585;&#1606;&#1587;&#1610; &#1604;&#1604;&#1570;&#1579;&#1575;&#1585; &#1575;&#1604;&#1588;&#1585;&#1602;&#1610;&#1577;&#1548;</subfield><subfield code="c">1952.</subfield></datafield><datafield ind1="1" ind2=" " tag="880"><subfield code="6">490-04/</subfield><subfield code="a">&#1584;&#1603;&#1585;&#1609; &#1576;&#1606; &#1587;&#1610;&#1606;&#1575; &#1563;</subfield><subfield code="v">3</subfield></datafield><datafield ind1="0" ind2="4" tag="880"><subfield code="6">600-05/</subfield><subfield code="a">&#1575;&#1576;&#1606; &#1587;&#1610;&#1606;&#1575;&#1548;</subfield><subfield code="d">980-1037.</subfield></datafield><datafield ind1="1" ind2=" " tag="880"><subfield code="6">700-06/</subfield><subfield code="a">&#1575;&#1607;&#1608;&#1575;&#1606;&#1610;&#1548; &#1575;&#1581;&#1605;&#1583; &#1601;&#1572;&#1575;&#1583;&#1548;</subfield><subfield code="d">-1970.</subfield></datafield><datafield ind1=" " ind2="0" tag="830"><subfield code="6">880-07</subfield><subfield code="a">Dhikra&#769; ibn Si&#772;na&#772; ;</subfield><subfield code="v">3.</subfield></datafield><datafield ind1=" " ind2="0" tag="880"><subfield code="6">830-07/</subfield><subfield code="a">&#1584;&#1603;&#1585;&#1609; &#1576;&#1606; &#1587;&#1610;&#1606;&#1575; &#1563;</subfield><subfield code="v">3.</subfield></datafield><datafield ind1=" " ind2="0" tag="830"><subfield code="a">Publications de l'Institut fran&#231;ais d'arch&#233;ologie orientale du Caire</subfield></datafield><datafield ind1=" " ind2=" " tag="959"><subfield code="a">NNU</subfield><subfield code="b">WEB</subfield><subfield code="c">GENI</subfield><subfield code="t">0</subfield><subfield code="m">Electronic access</subfield><subfield code="s">01</subfield></datafield><datafield ind1=" " ind2=" " tag="999"><subfield code="i">NNU_002046845</subfield><subfield code="s">nyu_aco000414</subfield><subfield code="e">(ERROR-880)</subfield></datafield></record>